3134 4934
2347 401 2566 468 11215

300 572 465 610 noa
503 561 719 610 temera·
748 557 1023 623 inigenitus,
1057 559 1428 610 conscribendi
1502 559 1746 611 eistatem
1758 561 2103 610 Romanorum
2120 563 2425 624 accepturos
2439 557 2570 612 fuis·-

306 643 455 685 εει
486 633 705 685 auctor!
776 647 912 684 xmt.
944 639 1027 684 2³.
1060 642 1074 664 ⁶
1096 636 1429 699 Carthagini·
1501 649 1578 692 se.
1591 637 1672 685 vel
1691 636 1970 698 Romanos,
1987 635 2074 699 qui
2091 635 2189 684 sibi
2207 643 2314 684 tum
2331 637 2564 688 omnibus

314 723 521 760 enses
554 708 753 768 foedere
791 711 1017 773 illigatos
1058 709 1247 760 silere.’
1296 724 1425 762 xm.
1502 711 1656 760 rebus
1681 709 1912 761 favorem
1948 711 2002 759 in
2041 711 2222 774 vulgus
2257 711 2562 762 Graeeornm

320 789 455 835 25.
477 786 586 835 ‘Ut
602 786 779 834 sociali
802 784 1001 835 foedere
1024 800 1081 836 se
1099 801 1211 835 cuin
1238 787 1425 836 Rotna-
1501 785 1780 836 conciliare
1815 785 2118 848 studebant,
2153 800 2240 836 eas
2279 787 2568 837 hominibus

326 860 451 908 nis
502 875 605 909 non
658 860 951 923 illigarent.’
999 863 1057 910 J.
1106 862 1167 912 F.
1212 862 1425 912 Gronov.
1501 860 1680 910 liberis
1737 862 2106 926 proponendas
2151 861 2452 925 judicasse:
2505 873 2566 913 ut

326 935 647 997 spanhem.
666 935 721 985 in
743 937 890 987 Orbe
910 937 1060 987 Rom.
1084 938 1270 988 Exere.
1290 951 1353 988 ιι.
1376 953 1423 988 c.
1498 939 1586 1002 qui
1642 951 1704 986 ea
1759 953 1816 988 re
1863 938 2212 1002 suspicionem
2259 939 2459 988 consilii
2495 939 2564 988 de

758 417 825 464 τ.
874 415 1069 464 mvn
1121 413 1317 466 ntsv.
1366 415 1515 466 mn.
1565 414 1826 465 xxxv.
1876 416 2041 466 cAP.
2082 399 2192 466 46.

342 1016 451 1062 10.
476 1027 527 1076 p.
553 1016 668 1062 80³.
701 1011 899 1074 scribit,
924 1013 1291 1064 Chalcidenses
1314 1015 1423 1079 qni-

342 1086 489 1136 dem
506 1087 604 1136 hoc
636 1087 807 1136 verbis
830 1103 938 1152 prae
966 1102 1024 1137 se
1046 1087 1208 1151 ferre,
1230 1090 1321 1140 sed
1347 1098 1422 1140 ta-

344 1179 485 1216 men
518 1165 746 1229 ‘impar'
780 1181 871 1216 seu
906 1167 1169 1231 ‘iniquum
1198 1167 1210 1184 '
1244 1182 1419 1220 eorum

352 1248 427 1292 et
447 1243 661 1292 alionum
686 1242 993 1293 Graecorum
1030 1257 1147 1292 cnm
1178 1245 1421 1294 Romanis

354 1316 533 1368 fedus
551 1318 731 1382 fuisse,
752 1333 817 1370 eo
846 1319 985 1384 quod
1008 1321 1200 1370 nullam
1226 1322 1423 1384 pacisci

354 1395 688 1452 societatem,
722 1395 819 1444 nisi
858 1409 923 1444 ex
964 1397 1279 1446 auctoritate
1320 1399 1421 1448 Ro·

358 1485 653 1534 manorum,
669 1477 726 1520 et
748 1470 885 1536 qaod
906 1472 1049 1521 nulla
1070 1471 1209 1522 bella
1224 1473 1421 1537 injussu

356 1547 705 1598 Romanorum
720 1547 984 1611 suscipere
1000 1549 1285 1611 potuerint3
1297 1565 1420 1614 qno-

360 1635 477 1672 rum
514 1621 640 1670 illud
676 1621 759 1671 hic
796 1635 1079 1686 agnoscere
1115 1623 1424 1672 Chalciden-

359 1711 466 1755 ses,
488 1699 585 1748 hoc
608 1699 675 1748 de
695 1697 901 1747 Achoeis
918 1713 1035 1764 cap.
1050 1703 1133 1748 50.
1152 1699 1253 1762 legi
1274 1700 1417 1752 dicit.

358 1772 467 1823 Sed
492 1773 769 1823 videndum
799 1781 945 1838 puto,
981 1789 1044 1823 an
1075 1789 1141 1824 ex
1177 1788 1259 1832 eo,
1280 1775 1417 1840 qnod

356 1849 447 1898 bic
468 1849 651 1899 scribit
681 1849 869 1906 Livius,
886 1851 1193 1903 Mictionetn
1219 1850 1417 1912 profes-

356 1940 471 1976 sum
506 1924 683 1986 fuisse,
716 1925 1143 1975 Chalcidensibus
1178 1927 1417 1978 ‘eertum

358 2015 493 2064 esse,
512 2003 701 2052 nullam
735 2003 1041 2053 societatem
1078 2004 1292 2067 pacisci,
1320 2005 1415 2056 nisi

358 2093 425 2128 ex
446 2079 761 2130 auctoritate
783 2078 1167 2142 Romanorum,'
1189 2088 1241 2130 et
1264 2095 1313 2129 e.
1334 2086 1417 2132 5⁰.

357 2155 553 2204 nullam
598 2157 650 2204 in
695 2156 921 2206 concilio
965 2154 1273 2206 Achaeorum
1317 2172 1417 2208 nec

355 2231 809 2297 disceptationem,
826 2247 922 2283 nee
944 2231 1319 2282 dubitationem
1336 2233 1416 2284 fu·

356 2308 477 2370 isse,
498 2310 623 2372 quin
654 2323 849 2364 omues,
883 2307 1125 2359 ‘eosdem
1160 2311 1305 2372 genti
1344 2309 1413 2358 A·

354 2384 615 2434 citatorum
649 2385 825 2434 hostes
848 2394 905 2435 et
938 2386 1153 2450 amicos,
1176 2400 1301 2450 quos
1324 2401 1415 2450 po·

356 2463 507 2525 palus
555 2464 815 2512 Romanus
854 2465 1161 2525 censuisset,
1208 2465 1413 2528 judica-

354 2537 530 2598 rent‚’
565 2540 675 2588 sine
728 2540 1079 2589 controversis
1138 2539 1415 2605 efficiatur,

352 2613 490 2678 quod
514 2615 590 2662 vir
610 2629 823 2677 magnus
838 2615 957 2664 inde
973 2616 1251 2666 concludit.
1274 2617 1325 2668 N
1330 2633 1411 2668 atn

352 2689 439 2752 qui
466 2689 613 2751 dicit,
627 2698 827 2740 certum
848 2699 927 2741 est
952 2691 1073 2740 mihi
1096 2693 1193 2742 hoc
1212 2707 1309 2742 non
1336 2692 1411 2743 fs-

354 2779 495 2826 cere,
529 2780 633 2815 non
669 2767 845 2816 statim
884 2767 1029 2824 dicit,
1061 2782 1163 2817 non
1202 2783 1409 2833 possum

354 2839 453 2890 hoc
490 2839 701 2903 facere3
737 2857 852 2907 nec,
892 2843 980 2908 qui
1015 2842 1263 2894 dicuntur
1297 2859 1409 2894 eos·

354 2917 469 2966 dem
494 2917 669 2967 hostes
699 2925 753 2968 et
786 2919 999 2980 amicos,
1028 2933 1155 2982 quos
1189 2921 1409 2984 populus

354 2992 613 3042 Romanus
647 2993 747 3042 sibi
780 2995 957 3043 hostes
990 3002 1046 3043 et
1080 2994 1273 3044 amicos
1294 3009 1408 3044 esse

352 3071 663 3126 censuisset.
696 3069 998 3133 judicaturi,
1039 3069 1286 3120 dicuntur
1328 3071 1405 3120 in·

346 3144 491 3206 jussu
528 3145 875 3195 Romanorum
914 3145 1101 3195 bellurn
1138 3146 1407 3211 suscipere

352 3235 461 3282 non·
479 3221 725 3284 potuisse.
788 3222 885 3272 Jus
908 3229 965 3272 et
986 3229 1173 3272 natura
1194 3223 1407 3274 federis

352 3310 383 3363 ⁸.
426 3297 677 3346 Romanis
718 3311 837 3348 cum
888 3297 1307 3351 Chalcidensibus
1350 3309 1409 3352 et

354 3372 561 3422 Achaeis
582 3372 699 3422 initi
720 3387 823 3422 non
847 3373 1167 3437 patiebatur,
1202 3385 1277 3434 ut,
1304 3379 1407 3428 iliis

352 3447 405 3498 in
430 3461 491 3497 eo
516 3449 865 3511 manentibus,
887 3449 937 3498 hi
962 3463 993 3498 a
1025 3451 1406 3502 conditionibus

350 3524 491 3574 illins
514 3523 799 3584 discedere,
819 3530 1007 3574 etcum
1033 3525 1290 3577 Antiocho
1313 3530 1405 3579 ali·

348 3599 493 3663 isque
513 3599 745 3650 hostibus
764 3600 1109 3651 Rornanorum
1129 3618 1271 3652 arma
1284 3619 1407 3654 con-

274 3675 279 3681 “
341 3674 568 3738 jungere
610 3683 838 3739 possent.
918 3677 1033 3728 Nee
1074 3687 1249 3728 tamen
1287 3681 1405 3731 ideo

350 3751 457 3800 dici
479 3759 671 3815 potest,
685 3753 777 3802 hoe
799 3752 969 3802 foedus
992 3755 1154 3818 magis
1174 3762 1191 3785 ‘
1206 3757 1375 3818 impar
1392 3761 1407 3784 ⁹

349 3841 441 3875 seu
474 3828 764 3891 ‘iniquum'
799 3845 829 3878 a
869 3839 1019 3893 parte
1054 3831 1404 3882 Chalcidensi·

350 3915 434 3950 nm
457 3909 515 3952 et
536 3903 865 3967 Achaeorum,
892 3919 1041 3969 qna·
1068 3921 1100 3954 a
1127 3914 1275 3970 parte
1302 3908 1400 3958 Ro·

349 3991 616 4026 manorum
641 3976 835 4028 fuisset
873 3979 1007 4044 quod
1032 3980 1083 4029 hi
1108 3995 1209 4030 non
1234 3983 1401 4033 minus

346 4052 552 4116 legibus
598 4053 733 4104 illius
770 4054 1127 4120 illigabuntnr,
1160 4073 1311 4122 qnam
1346 4061 1403 4124 ii,

346 4143 461 4178 curn
486 4129 674 4194 quibus
708 4128 759 4178 id
796 4129 1049 4183 fecerant.
1114 4135 1230 4185 Nec
1254 4150 1401 4186 vero·

344 4205 508 4256 simile
554 4215 656 4267 est,
690 4208 771 4256 vel
817 4206 1031 4259 Graecos
1068 4225 1132 4260 eo
1166 4219 1401 4276 tempore

347 4289 451 4334 tam
486 4283 657 4346 palam
690 4282 881 4350 iniquis
911 4285 1297 4338 conditionibus
1318 4301 1399 4339 so-

1501 1015 1706 1064 Graecia
1729 1015 2001 1079 paullatim
2035 1013 2114 1064 sui
2142 1013 2278 1076 juris
2301 1013 2562 1074 facienda,

1499 1091 1638 1154 quod
1661 1091 1886 1141 nondum
1920 1093 2284 1154 tempestivum
2313 1099 2429 1142 erat
2468 1105 2564 1140 nn·

1498 1165 1630 1223 dari,
1653 1167 1750 1230 ipsi
1776 1167 1913 1232 apud
1938 1180 2115 1216 omnes
2139 1165 2356 1216 Grecos
2377 1165 2586 1217 confir..

1496 1245 1684 1293 maturi
1711 1243 1948 1294 fuissent.
2009 1244 2064 1292 Si
2091 1257 2210 1292 vera
2239 1251 2321 1294 est
2352 1251 2560 1293 senten·

1497 1321 1578 1370 tia⁴
1592 1322 1774 1371 summi
1798 1321 2118 1385 Spanhemii,
2133 1327 2304 1370 tamen
2317 1335 2430 1370 eam
2449 1333 2560 1371 cer-

1498 1397 1717 1446 tioribus
1776 1397 2092 1462 argumentis
2154 1395 2562 1447 confirmandam

1495 1469 1654 1521 fuisse
1699 1472 1942 1521 arbitror.
1979 1473 2166 1522 Duker.
2252 1472 2269 1498 ‘
2293 1471 2562 1533 Inligare,’

1494 1547 1630 1612 quod
1651 1548 1958 1597 Gronov.ex
1974 1546 2280 1609 conjectura
2305 1560 2560 1608 reponen-

1494 1623 1616 1674 dum
1654 1629 1852 1686 censet,
1876 1623 1926 1670 in
1964 1622 2060 1672 hac
2100 1635 2156 1669 re
2196 1623 2360 1670 utitur
2397 1624 2556 1672 etiam

1493 1699 1670 1750 Livius
1697 1711 1863 1748 xxxi.
1879 1703 1961 1746 21.
1978 1699 1992 1724 ⁸
2013 1696 2096 1746 Ad
2121 1697 2434 1760 inligandam
2453 1699 2556 1748 Ro-

1493 1789 1648 1825 mano
1667 1775 1800 1824 bello
1821 1773 2064 1837 gentem-⁹
2099 1785 2288 1823 xxxix.
2309 1778 2394 1824 21.
2417 1781 2431 1802 ⁸
2450 1775 2556 1825 Ne-

1493 1864 1594 1916 que
1612 1851 1745 1900 velle
1769 1849 1974 1912 inligari
2001 1850 2234 1899 Romano
2259 1851 2396 1900 bello
2413 1850 2444 1900 ι’
2469 1851 2556 1902 ubi

1492 1929 1625 1978 male
1647 1925 1856 1991 quidam
1899 1924 2171 1989 ‘alligari.’
2233 1940 2281 1975 c.
2311 1931 2394 1976 22.
2427 1928 2442 1954 ‘
2463 1929 2558 1977 Fa-

1491 2003 1782 2067 miliarique
1819 2002 2042 2054 amicitia
2081 2002 2316 2066 plerique
2351 2004 2558 2068 iniigati

1492 2081 1732 2145 Philippo
1770 2076 1958 2130 erant.’
2025 2091 2238 2128 xxxm-
2279 2082 2359 2128 12.
2392 2081 2408 2108 ‘
2431 2081 2552 2130 Non

1492 2155 1555 2208 iis
1599 2155 1980 2206 conditionibus
2037 2153 2340 2216 inligabitur
2396 2171 2520 2220 pax.
2537 2156 2552 2179 ⁹

1493 2243 1696 2281 xxxvi.
1716 2235 1795 2279 11.
1817 2231 1832 2257 ‘
1851 2229 2079 2280 Invitum
2099 2243 2154 2278 se
2175 2231 2423 2292 gravioris
2447 2229 2553 2280 for-

1492 2315 1634 2358 tunoe
1667 2305 1966 2356 conditione
1998 2305 2353 2369 inligantem:'
2388 2314 2444 2356 ut
2478 2309 2552 2357 ibi

1486 2383 1625 2434 forte
1647 2383 1939 2446 legendum.
1975 2397 2094 2446 cap.
2117 2387 2201 2434 4⁰.
2226 2382 2241 2410 ‘
2261 2385 2342 2432 De
2363 2385 2552 2448 injuria

1490 2461 1701 2515 tribuni,
1753 2459 1885 2509 bello
1932 2459 2104 2508 alieno
2160 2473 2216 2508 se
2271 2459 2550 2520 inligantis,

1488 2551 1646 2602 quttm
1687 2533 2054 2584 disseruisset!
2117 2535 2220 2584 Sed
2259 2550 2356 2586 nec
2390 2537 2576 2586 ‘adli-.

1490 2611 1646 2677 gare'
1678 2613 1772 2661 hoe
1809 2625 1960 2660 sensu
2002 2609 2279 2674 repudiare
2325 2611 2551 2662 videtur.

1485 2689 1572 2738 Ita
1597 2700 1796 2736 xxxiv.
1819 2689 1868 2735 3.
1899 2692 1913 2715 ⁸
1938 2685 2228 2736 Recensete
2248 2687 2420 2736 omnia
2437 2702 2546 2736 rnu-

1484 2763 1670 2813 liebria
1695 2764 1836 2826 jura,
1858 2760 2044 2826 quibus
2075 2761 2334 2811 licentiam
2369 2778 2548 2814 earum

1482 2838 1831 2902 adligaverint
1845 2838 2065 2900 majores
2080 2837 2277 2890 nostri!
2311 2852 2546 2890 xxxvtt.

1482 2919 1567 2965 26.
1599 2913 1943 2977 ‘Colophonis
1969 2912 2194 2962 obsessoe
2226 2915 2436 2975 auxilio,
2471 2915 2548 2965 in-

1484 2998 1682 3042 certam
1703 2989 1857 3039 finem
1881 2987 2140 3049 habituro,
2165 2988 2421 3052 adligari?
2477 2991 2547 3040 Et

1483 3068 1561 3120 ita
1597 3067 1710 3122 fere
1755 3065 1897 3116 Geli.
1943 3077 2031 3114 ιιι.
2070 3067 2120 3114 7.
2151 3065 2412 3130 ‘Unoque
2457 3066 2546 3117 illo

1483 3143 1694 3207 negotio
1718 3155 1832 3191 sese
1857 3138 2199 3202 adligabunt.’
2253 3141 2426 3192 Quum
2447 3143 2543 3192 ita·

1484 3235 1586 3285 que
1607 3219 1810 3280 alligata
1846 3218 1932 3266 hic
1971 3217 2021 3266 ln
2056 3215 2295 3266 omnibns
2331 3218 2544 3282 scriptis

1483 3295 1732 3360 supersit,
1747 3295 1808 3343 iis
1826 3293 1999 3342 invitis
2013 3293 2278 3355 vulgatum
2299 3308 2545 3356 spernere

1481 3387 1584 3422 non
1601 3371 1786 3420 audeo.
1811 3371 2056 3420 Ceterum
2073 3369 2368 3432 quoesoederae
2380 3371 2543 3435 iniquo

1481 3449 1636 3499 Voss.
1655 3449 1783 3500 Lov.
1798 3460 1909 3503 sex,
1937 3445 2086 3494 Harl.
2105 3445 2326 3496 Gaertn.
2345 3455 2398 3494 et
2421 3449 2543 3498 edd.

1483 3527 1681 3590 antiqq.
1705 3525 1856 3587 cujus
1879 3523 1993 3573 loco
2019 3523 2313 3586 Moguntini
2338 3539 2404 3573 ex
2423 3525 2543 3574 cod.

1480 3615 1574 3652 suo
1600 3602 1874 3665 vulgarunt
1892 3599 2184 3656 outsoedere.

1545 3681 1574 3742 §
1609 3681 1670 3727 11
1708 3677 1880 3740 Itaque
1919 3675 2250 3726 Chalcidenses
2273 3709 2286 3726 .
2305 3709 2320 3726 .
2341 3711 2354 3726 .
2375 3709 2390 3726 .
2412 3679 2542 3729 indu·-

1476 3755 1616 3818 εει-ε]
1654 3753 1779 3802 Vet.
1805 3753 1896 3801 lib.
1915 3751 2272 3816 egere.8isson.
2313 3755 2544 3818 ludigero

1480 3832 1676 3894 primus
1700 3829 1902 3892 recepit
1929 3827 2114 3886 Aldus,
2150 3837 2225 3892 et,
2250 3839 2443 3894 praeter
2463 3832 2541 3882 si-

1480 3907 1711 3971 gnalum,
1746 3919 1922 3955 omnes
1967 3904 2196 3954 editores
2243 3914 2540 3958 servarunt.

1480 3982 1649 4036 Codd.
1671 3991 1844 4032 tamen
1867 3979 2052 4035 nostri,
2083 3992 2198 4029 cnm
2233 3977 2452 4032 Hearnii
2478 3983 2542 4033 L.

1479 4065 1526 4112 1.
1550 4068 1604 4110 et
1628 4060 1824 4123 antiqq.
1844 4055 2020 4120 editis,
2051 4070 2206 4118 egere,
2232 4057 2366 4122 qnod
2393 4073 2542 4108 revo-

1476 4136 1612 4186 cavi.
1676 4135 1902 4196 Insuper
1923 4132 2006 4181 Itu
2033 4132 2364 4182 Chalcidenses
2387 4133 2540 4184 Harl.

1479 4211 1583 4264 Sed
1609 4209 1727 4260 vide
1750 4211 1816 4259 ad
1841 4222 1960 4258 xxi.
1980 4211 2064 4257 68.
2087 4209 2114 4273 ς
2137 4213 2188 4258 7.

1541 4289 1572 4353 §
1605 4289 1670 4338 12
1717 4286 1884 4349 Neque
1917 4284 2122 4349 ipsorum
2159 4285 2452 4342 AEtolorm:
2483 4288 2540 4344 ia
